# Bibliography

@article{card1995time,
  title={Time-series minimum-wage studies: a meta-analysis},
  author={Card, David and Krueger, Alan B},
  journal={The American Economic Review},
  volume={85},
  number={2},
  pages={238--243},
  year={1995},
  publisher={JSTOR}
}

@techreport{brown1983effect,
  title={The effect of the minimum wage on employment and unemployment: a survey},
  author={Brown, Charles and Gilroy, Curtis and Kohen, Andrew},
  year={1983},
  institution={National Bureau of Economic Research}
}



@article{kaitz1970experience,
  title={Experience of the past: the national minimum},
  author={Kaitz, Hyman},
  journal={Youth unemployment and minimum wages},
  pages={30--54},
  year={1970},
  publisher={US Department of Labor, Bureau of Labor Statistics Washington}
}

@article{mincer1976unemployment,
  title={Unemployment effects of minimum wages},
  author={Mincer, Jacob},
  journal={Journal of political economy},
  volume={84},
  number={4, Part 2},
  pages={S87--S104},
  year={1976},
  publisher={The University of Chicago Press}
}

@article{gramlich1976impact,
  title={Impact of minimum wages on other wages, employment, and family incomes},
  author={Gramlich, Edward M and Flanagan, Robert J and Wachter, Michael L},
  journal={Brookings papers on economic activity},
  volume={1976},
  number={2},
  pages={409--461},
  year={1976},
  publisher={JSTOR}
}


@article{ragan19,
 author = {James F. Ragan},
 journal = {The Review of Economics and Statistics},
 number = {2},
 pages = {129--136},
 publisher = {The MIT Press},
 title = {Minimum Wages and the Youth Labor Market},
 volume = {59},
 year = {1977}
}

@article{wachter1979,
author={Wachter, Michael L. and Kim, Choongsoo},
title = {Time Series Changes in Youth Joblessness},
year = {1979},
journal = {NBER Working Paper},
number = {w0384}
}

@article{iden1980labor,
  title={The labor force experience of Black youth: a review},
  author={Iden, George},
  journal={Monthly Lab. Rev.},
  volume={103},
  pages={10},
  year={1980},
  publisher={HeinOnline}
}

@article{ragan1981effect,
  title={The effect of a legal minimum wage on the pay and employment of teenage students and nonstudents},
  author={Ragan, James F},
  journal={The Economics of Legal Minimum Wages. Washington DC, American Enterprise Institute},
  year={1981}
}

@article{abowd1981structural,
  title={Structural models of the effects of minimum wages on employment by age groups},
  author={Abowd, John M and Killingsworth, Mark},
  journal={Report of the minimum wage study commission},
  volume={5},
  pages={143--169},
  year={1981}
}

@article{betsey1981federal,
  title={Federal minimum wage laws and the employment of minority youth},
  author={Betsey, Charles L and Dunson, Bruce H},
  journal={The American Economic Review},
  volume={71},
  number={2},
  pages={379--384},
  year={1981},
  publisher={JSTOR}
}

@techreport{brown1983,
  title={Time Series Evidence on the Effect of the Minimum Wage on Youth Employment and Unemployment},
  author={Brown, Charles},
  year={1983},
  journal={Journal of Human Resources},
  number={18(1)},
  pages={3--31}
}

@article{hamermesh1981,
  title={Minimum Wages and Demand for Labor.},
  author={Hamermesh, Daniel S},
  journal={NBER Working Paper},
  number={656},
  year={1981},
  publisher={National Bureau of Economic Research}
}

@article{solon1985minimum,
  title={The minimum wage and teenage employment: A reanalysis with attention to serial correlation and seasonality},
  author={Solon, Gary},
  journal={The Journal of Human Resources},
  volume={20},
  number={2},
  pages={292--297},
  year={1985},
  publisher={JSTOR}
}

@article{wellington1991effects,
  title={Effects of the minimum wage on the employment status of youths: An update},
  author={Wellington, Alison J},
  journal={Journal of Human Resources},
  pages={27--46},
  year={1991},
  publisher={JSTOR}
}

@book{klerman1992employment,
  title={Employment effect of mandated health benefits},
  author={Klerman, Jacob Alex},
  year={1992},
  publisher={RAND}
}


@unknown{unknown,
author = {Bewley, Helen and Wilkinson, David},
year = {2015},
month = {03},
pages = {},
title = {The Impact of the National Minimum Wage on Employment and Hours},
doi = {10.13140/RG.2.1.3362.6322}
}

@article{doi:10.2753/CES1097-1475440102,
author = { Jinlan   Ni  and  Guangxin   Wang  and  Xianguo   Yao },
title = {Impact of Minimum Wages on Employment},
journal = {The Chinese Economy},
volume = {44},
number = {1},
pages = {18-38},
year  = {2011},
publisher = {Routledge},
doi = {10.2753/CES1097-1475440102},
}

@article{article,
author = {Majchrowska, Aleksandra and Zółkiewski, Zbigniew},
year = {2012},
month = {01},
pages = {211-239},
title = {The impact of minimum wage on employment in Poland},
journal = {Investigaciones Regionales}
}
